% This file was created with JabRef 2.9.2.
% Encoding: Cp1252

@BOOK{citation:FaulknerNicholson,
  author = {Faulkner, A and Nicholson, M},
  title = {An Assessment Framework for Data-Centric Systems},
  booktitle = {In Addressing Systems Safety Challenges, Proceedings of the Twenty-second
	Safety-Critical Systems Symposium},
  editor = {Edited by Chris Dale and Tom Anderson},
  organization = {Bristol, UK},
  isbn = {978-1491263648}
}

@BOOK{citation:Ensor2009,
  title = {Safety Analysis of Navigational Data},
  author = {Ensor, P},
  publisher = {University of York},
  year = {2009},
  month = {September}
}

@MISC{citation:Faulkner2004,
  author = {Faulkner, A},
  title = {Data {Integrity} --- an often-ignored aspect of safety systems},
  year = {2004},
  note = {(EngD thesis)},
  howpublished = {URL \url{http://wrap.warwick.ac.uk/1212/}}
}

@BOOK{citation:StoreyFaulkner20031,
  author = {Storey, N and Faulkner, A},
  title = {The Characteristics of Data in Data-intensive Safety-related Systems},
  publisher = {Springer-Verlag},
  year = {2003},
  pages = {396-409},
  isbn = {3-540-20126-2},
  note = {Lecture Notes in Computer Science, Volume 2788}
}

@BOOK{citation:hawkins2013principles,
  author = {Hawkins, R and Habli, I and Kelly, T},
  title = {The Principles of Software Safety Assurance},
  booktitle = {31st International System Safety Conference},
  publisher = {International System Safety Society},
  year = {2013},
  address = {Boston, Massachusetts, USA}
}

@BOOK{citation:inge2008improving,
  author = {Inge, J},
  title = {Improving the Analysis of Data in Safety-Related Systems},
  publisher = {University of York},
  month = {September},
  year = {2008},
  school = {University of York Department of Computer Science}
}

@BOOK{citation:koopman2015selection,
  author = {Koopman, P and Driscoll, K and Hall, B},
  title = {Selection of Cyclic Redundancy Code and Checksum Algorithms to Ensure
	Critical Data Integrity},
  year = {2015},
  publisher = {US Department of Transportation}
}

@BOOK{citation:leblanc2002writing,
  title = {Writing secure code},
  publisher = {Microsoft Press},
  year = {2002},
  author = {LeBlanc, D and Howard, M},
  month = {December}
}

@TECHREPORT{citation:ISO19113,
  title = {Geographic {Information}. {Quality} {Principles}},
  number = {BS EN ISO 19113:2005},
  type = {Standard},
  year = {2005},
  institution = {International Standards Organisation},
  publisher = {International Standards Organisation}
}

@TECHREPORT{citation:ISO19131,
  title = {Geographic {Information}. {Data} {Product} {Specifications}},
  number = {BS EN ISO 19131:2008},
  type = {Standard},
  year = {2008},
  institution = {International Standards Organisation},
  publisher = {International Standards Organisation}
}

@TECHREPORT{citation:ISO19138,
  title = {Geographic {Information}. {Data} {Quality} {Measures}},
  number = {ISO/TS 19138:2006},
  type = {Standard},
  year = {2006},
  institution = {International Standards Organisation},
  publisher = {International Standards Organisation}
}

@TECHREPORT{citation:ISO19379,
  title = {Ships and {Marine} {Technology}. {ECS} databases. Content,
	{Quality}, {Updating} and {Testing}},
  number = {BS ISO 19379:2003},
  type = {Standard},
  year = {2003},
  institution = {International Standards Organisation},
  publisher = {International Standards Organisation}
}

@TECHREPORT{citation:ISO21448,
  title = {Road vehicles --- {S}afety of the intended functionality},
  number = {ISO/PAS 21448:2019},
  type = {Standard},
  year = {2019},
  institution = {International Standards Organisation},
  publisher = {International Standards Organisation}
}

@TECHREPORT{citation:ISO23821,
  title = {Information {Technology}. {Vocabulary}. {Part} 1:
	{Fundamental} Terms},
  number = {ISO/IEC 2382-1:1993},
  type = {Standard},
  year = {1993},
  institution = {International Standards Organisation},
  publisher = {International Standards Organisation}
}

@TECHREPORT{citation:ISO27001,
  title = {Information {Technology}. {Security} {Techniques}.
	{Information} {Security} {Management Systems}. {Requirements}},
  number = {BS ISO/IEC 27001:2005},
  type = {Standard},
  year = {2005},
  institution = {International Standards Organisation},
  publisher = {International Standards Organisation}
}

@TECHREPORT{citation:ISO27001:2013,
  title = {Information {Technology} --- {Security} {Techniques} ---
	{Information} {Security} {Management} {Systems} --- {Requirements}},
  number = {BS ISO/IEC 27001:2013},
  type = {Standard},
  year = {2013},
  institution = {International Standards Organisation},
  publisher = {International Standards Organisation}
}

@MISC{citation:DCE15,
  title = {Disastercast Episode 15 {Quantitative} {Nonsense} [including {Mars} {Climate}
	{Orbiter}]},
  author = {Drew Rae},
  howpublished = {URL \url{http://disastercast.co.uk/transcripts/episode-15-transcript/}}
}

@MISC{citation:DCE18,
  title = {Disastercast Episode 18 {Friendly} {Fire} [including Data Safety]},
  author = {Drew Rae},
  howpublished = {URL \url{http://disastercast.co.uk/transcripts/episode-18-transcript/}}
}

@BOOK{citation:arp4754a2010guidelines,
  publisher = {{Society of Automotive Engineers}},
  title = {{SAE} Aerospace Recommended Practice {4754A}: Guidelines for development
	of civil aircraft and systems},
  journal = {Society of Automotive Engineers International},
  year = {2010}
}

@MISC{citation:AA965,
  title = {American {Airlines} {Flight} 965},
  howpublished = {URL \url{http://en.wikipedia.org/wiki/American_Airlines_Flight_965}}
}

@MISC{citation:EC4822008,
  title = {Commission {Regulation} ({EC}) {No} 482/2008 of 30 {May} 2008 establishing
	a software safety assurance system, as amended},
  year = {2008},
  month = {May},
  publisher = {European Commission},
  howpublished = {URL \url{https://eur-lex.europa.eu/legal-content/EN/TXT/?uri=CELEX%3A32008R0482&qid=1611781633022}},
  note = {Accessed: 27 January 2021, but no longer in force}
}

@TECHREPORT{citation:ED153,
  title = {Guidelines for {ANS} Software Safety Assurance},
  number = {EUROCAE/ED-153},
  type = {Standard},
  year = {2009},
  month = {August},
  institution = {European Organisation for Civil Aviation Equipment},
  publisher = {European Organisation for Civil Aviation Equipment},
  note = {Used for definitions only}
}

@MISC{citation:EU12072011,
  title = {Commission {Implementing} {Regulation} ({EU}) {No} 1207/2011 of 22 {November}
	2011 laying down requirements for the performance and the interoperability
	of surveillance for the single European sky},
  year = {2011},
  month = {November},
  publisher = {European Commission},
  howpublished = {URL \url{http://eur-lex.europa.eu/LexUriServ/LexUriServ.do?uri=OJ:L:2011:305:0035:0052:EN:PDF}},
  note = {Accessed: 27 January 2021}
}

@MISC{citation:EU732010,
  title = {Commission {Regulation} ({EU}) {No} 73/2010 of 26 {January} 2010 laying down
	requirements on the quality of aeronautical data and aeronautical
	information for the single {European} sky},
  year = {2010},
  month = {January},
  publisher = {European Commission},
  howpublished = {URL \url{http://eur-lex.europa.eu/LexUriServ/LexUriServ.do?uri=OJ:L:2010:023:0006:0027:EN:PDF}},
  note = {Accessed: 27 January 2021}
}

@MISC{citation:DieLage,
  title = {Die {Lage} der {IT-Sicherheit} in {Deutschland} 2014},
  year = {2014},
  month = {December},
  howpublished = {URL \url{https://www.bsi.bund.de/SharedDocs/Downloads/DE/BSI/Publikationen/Lageberichte/Lagebericht2014.pdf}},
  publisher = {Bundesamt fuer Sicherheit in der Informationstechnik},
  note = {Accessed: 27 January 2021}
}

@TECHREPORT{citation:ED12C,
  title = {Software {Considerations} in {Airborne} {Systems} and {Equipment} {Certification}},
  number = {RTCA/DO-178C, EUROCAE/ED-12C},
  type = {Standard},
  year = {2012},
  month = {January},
  institution = {Radio Technical Commission for Aeronautics / European Organisation for Civil Aviation Equipment},
  publisher = {Radio Technical Commission for Aeronautics / European Organisation for Civil Aviation Equipment}
}

@TECHREPORT{citation:ED215,
  title = {Software {Tool} {Qualification} {Considerations}},
  number = {RTCA/DO-330, EUROCAE/ED-215},
  type = {Standard},
  year = {2012},
  month = {January},
  institution = {Radio Technical Commission for Aeronautics / European Organisation for Civil Aviation Equipment},
  publisher = {Radio Technical Commission for Aeronautics / European Organisation for Civil Aviation Equipment}
}

@TECHREPORT{citation:iec615083,
  title = {Functional safety of electrical/electronic/ programmable
	electronic safety-related systems: {Software} Requirements},
  number = {BS EN 61508-3:2010},
  type = {Standard},
  year = {2010},
  month = {June},
  institution = {International Electrotechnical Commission},
  publisher = {International Electrotechnical Commission}
}

@TECHREPORT{citation:iec615084,
  title = {Functional safety of electrical/electronic/ programmable
	electronic safety related systems: {Definitions} and Abbreviations},
  number = {BS EN 61508-4:2010},
  type = {Standard},
  year = {2010},
  month = {June},
  institution = {International Electrotechnical Commission},
  publisher = {International Electrotechnical Commission}
}

@TECHREPORT{citation:iso310002009risk,
  title = {Risk {Management} --- {Principles} and {Guidelines}},
  number = {ISO31000:2009},
  type = {Standard},
  year = {2009},
  month = {November},
  note = {First Edition},
  institution = {International Standards Organisation},
  publisher = {International Standards Organisation}
}

@TECHREPORT{citation:iso310002018risk,
  title = {Risk {Management} --- {Guidelines}},
  number = {ISO31000:2018},
  type = {Standard},
  year = {2018},
  month = {February},
  note = {Second Edition},
  institution = {International Standards Organisation},
  publisher = {International Standards Organisation}
}

@BOOK{citation:dcb0160clinical,
  title = {DCB0160: Clinical Risk Management: its Application in the Deployment and Use of Health IT Systems},
  publisher = {NHS Digital},
  year = {2018},
  month = {May},
  note = {Version 3.2}
}

@BOOK{citation:dcb0129clinical,
  title = {DCB0129: Clinical Risk Management: its Application in the Manufacture of Health IT Systems},
  publisher = {NHS Digital},
  year = {2018},
  month = {May},
  note = {Version 4.2}
}

@BOOK{citation:DEFOz,
  title = {DEF(AUST)5679, Issue 2, Safety Engineering for Defence Systems ---
	Standard},
	publisher = {(Australian) Department of Defence},
  year = {2008},
  month = {October}
}

@BOOK{citation:McGrawHill,
  title = {McGraw-Hill Dictionary of Scientific and Technical Terms, 6th Edition},
  year = {2002},
  month = {November},
  isbn = {007042313X},
  publisher = {McGraw-Hill}
}

@MISC{citation:MCOMIB1999,
  title = {Mars {Climate} {Orbiter} {Mishap} Investigation Board Phase I Report November
	10},
  year = {1999},
  month = {November},
  howpublished = {URL \url{http://sunnyday.mit.edu/accidents/MCO_report.pdf}}
}

@TECHREPORT{citation:ED76,
  title = {Standards for Processing Aeronautical Data},
  number = {RTCA/DO-200A, EUROCAE/ED-76},
  type = {Standard},
  year = {1998},
  month = {September},
  institution = {Radio Technical Commission for Aeronautics / European Organisation for Civil Aviation Equipment},
  publisher = {Radio Technical Commission for Aeronautics / European Organisation for Civil Aviation Equipment}
}

@TECHREPORT{citation:DS0058,
  title = {{HAZOP} Studies on Systems Containing Programmable Electronics},
  number = {Def Stan 00-58},
  type = {Standard},
  year = {2000},
  month = {May},
  institution = {UK Ministry of Defence},
  publisher={UK Ministry of Defence},
  note = {Now withdrawn}
}

@BOOK{citation:Ashmore2019,
  title = {Assuring the {Machine} {Learning} {Lifecycle}: {Desiderata}, {Methods}, and {Challenges}},
  author = {Ashmore, R and Calinescu, R and Paterson, C},
  publisher = {Assuring Autonomy International Programme, University of York},
  year = {2019},
  note = {URL \url{https://arxiv.org/pdf/1905.04223.pdf}. Accessed: 17 January 2023}
}

@TECHREPORT{citation:iec61882:2016,
  title = {Hazard and operability studies ({HAZOP} studies) --- {Application} guide},
  number = {IEC 61882:2016},
  type = {Standard},
  year = {2016},
  month = {March},
  isbn = {978-2-8322-3208-8},
  institution = {International Electrotechnical Commission},
  publisher = {International Electrotechnical Commission},
  note = {Second edition}
}

@BOOK {citation:SASWG:Objectives,
  title = {Safety Assurance Objectives for Autonomous Systems},
  author = {{The Safety of Autonomous Systems Working Group [SASWG]}},
  year = {2020},
  month = {January},
  publisher = {SCSC},
  series = {SCSC-153A},
  isbn = {978-1654029050}
}

@inproceedings {citation:Hond2020,
  title = {Quantifying Dataset Properties for Systematic Artificial Neural Network Classifier Verification},
  author = {Hond, D and White, A and Asgari, H},
  crossref = {citation:SCSC154}
}

@inproceedings {citation:Sutherland2020,
  title = {Safety Critical Integrity Assurance in Large Datasets},
  author = {Sutherland, GS and Hessami, A},
  crossref = {citation:SCSC154}
}

@inproceedings {citation:Banham2020,
  title = {Formalising the Language of Risk},
  author = {Banham, D},
  crossref = {citation:SCSC154}
}

@proceedings {citation:SCSC154,
  title = {Assuring Safe Autonomy, Proceedings of the 28th Safety-Critical Systems Symposium (SSS'20)},
  booktitle = {Assuring Safe Autonomy, Proceedings of the 28th Safety-Critical Systems Symposium (SSS'20)},
  year = {2020},
  publisher = {SCSC},
  series = {SCSC-154},
  isbn = {9781713305668}
}

@BOOK {citation:darkdata:hand,
  title = {Dark Data: Why What You Don’t Know Matters},
  author = {David J Hand},
  year = {2020},
  month = {January},
  publisher = {Princeton University Press},
  isbn = {069118237X},
  note = {Available from \url{https://www.amazon.co.uk/dp/069118237X}. Accessed: 27 January 2021}
}

@misc {citation:darkdata:website,
  title = {Website: Home --- {Dark} {Data}},
  author = {David Hand},
  howpublished = {URL \url{https://darkdata.website/}},
  note = {Accessed: 27 January 2021}
}

@misc {citation:SCSC160,
  title = {{SCSC Systems Safety Newsletter}},
  year = {2020},
  month = {October},
  howpublished = {URL \url{https://scsc.uk/scsc-160}},
  note = {vol.28-3. Accessed: 27 January 2021}
}

@misc {citation:darkdata:presentation1,
  title = {Presentation on {Dark} {Data} given to the {DSIWG}},
  author = {David Hand},
  year = {2020},
  howpublished = {URL \url{https://scsc.uk/file/gd/DARK_DATA_David_Hand_DSIWG_talk-863.pptx}},
  note = {Accessed: 27 January 2021}
}

@misc {citation:darkdata:presentation2,
  title = {Presentation on {Dark} {Data} given at the {University} of {York}},
  author = {Mike Parsons},
  year = {2020},
  month = {December},
  howpublished = {URL \url{https://scsc.uk/file/gd/Dark_Data_ABC_Slides_v2-963.pptx}},
  note = {Accessed: 27 January 2021}
}

@BOOK {citation:datacentric,
  title = {Data-Centric Safety: Challenges, Approaches, and Incident Investigation},
  author = {Alastair Faulkner and Mark Nicholson},
  year = {2020},
  month = {June},
  publisher = {Elsevier},
  isbn = {978-0128207901},
  note = {Available from \url{https://www.amazon.co.uk/dp/0128207906?ie=UTF8&n=341677031}. Accessed 30 January 2021}
}

@proceedings {citation:SCSC161,
  title = {{Systems and Covid-19, Proceedings of the 29th Safety-Critical Systems Symposium (SSS'21)}},
  booktitle = {{Systems and Covid-19, Proceedings of the 29th Safety-Critical Systems Symposium (SSS'21)}},
  year = {2021},
  publisher = {SCSC},
  series = {SCSC-161},
  isbn = {979-8588665049},
  note = {Available from \url{https://www.amazon.co.uk/dp/B08RRMSBTN}.
  Accessed 30 January 2021}
}

@BOOK {citation:IetCyber,
  title = {{Cyber Security and Safety Code of Practice}},
  year = {2020},
  publisher = {IET},
  isbn = {978-1-83953-318-8}
}

@misc {citation:machinelearning:amlas,
  title = {{Website: Assurance of Machine Learning for use in Autonomous Systems (AMLAS)}},
  author = {University of York},
  howpublished = {URL \url{https://www.york.ac.uk/assuring-autonomy/guidance/amlas/}},
  note = {Accessed: 25 January 2022}
}

@BOOK {citation:cyg:RoleOfChance,
title = {{Fooled by Randomness: The Hidden Role of Chance in Life and in the Markets}},
author = {Nassim Nicholas Taleb},
publisher = {Penguin},
year = {2004},
isbn = {9780141031484}
}

@BOOK {citation:cyg:BlackSwan,
title = {{The Black Swan: The Impact of the Highly Improbable}},
author = {Nassim Nicholas Taleb},
publisher = {Penguin},
year = {2007},
isbn = {9780141034591}
}

@inproceedings {citation:cyg:737Max,
title = {{Boeing 737 MAX Safe to Fly?}},
author = {Paul Hampton and Dewi Daniels},
crossref = {citation:SCSC162}
}

@proceedings {citation:SCSC162,
title = {{The Safety-Critical Systems Club Newsletter}},
booktitle = {{The Safety-Critical Systems Club Newsletter}},
year = {2021},
publisher = {SCSC},
volume = {29, Number 1},
note = {Available from \url{https://scsc.uk/scsc-162}. Accessed: 9 January 2023}
}

@misc {citation:cyg:carrington,
title = {{Website: Carrington Event}},
howpublished = {URL \url{https://en.wikipedia.org/wiki/Carrington\_Event}},
note = {Accessed: December 2022}
}

@inproceedings {citation:cyg:dragons,
author = {{Ben J.M. Ale} and {Des N.D. Hartford} and {David H. Slater}},
title = {{Dragons, black swans and decisions}},
note = {Article 109127},
crossref = {citation:cyg:env}
}

@proceedings {citation:cyg:env,
title = {{Environmental Research}},
booktitle = {{Environmental Research}},
publisher = {ScienceDirect},
volume = {183},
year = {2020}
}

@misc {citation:perfectstorm:website,
  title = {Website: The Perfect Storm (film)},
  author = {Wikipedia},
  howpublished = {URL \url{https://en.wikipedia.org/wiki/The_Perfect_Storm_(film)}},
  note = {Accessed: 17 January 2023}
}

@BOOK {citation:perfectstorm:book,
title = {{The Perfect Storm}},
author = {Sebastian Junger},
publisher = {W.W. Norton},
year = {1997},
isbn = {0-393-04016-X}
}

@misc {citation:homonym,
title = {homonym vs. homophone vs. homograph : Choose Your Words},
author = {Vocabulary.com},
howpublished = {URL \url{https://www.vocabulary.com/articles/chooseyourwords/homonym-homophone-homograph/}},
note = {Accessed: 17 January 2023}
}

@misc {citation:bates_v_pol,
	title = {Alan Bates and Others -v- Post Office Limited: Judgement (No.6) ``Horizon Issues''},
	author = {The Honourable Mr.\ Justice Frazer},
	year= {2019},
	howpublished = {https://www.judiciary.uk/wp-content/uploads/2019/12/bates-v-post-office-judgment.pdf},
	note = {Accessed: 30 January 2024}
}

@misc {citation:bates_v_pol_tech,
	title = {Alan Bates and Others -v- Post Office Limited: Technical Appendix to Judgement (No.6) ``Horizon Issues''},
	author = {The Honourable Mr.\ Justice Frazer},
	year= {2019},
	howpublished = {https://www.judiciary.uk/wp-content/uploads/2019/12/bates-v-post-office-appendix-1.pdf},
	note = {Accessed: 30 January 2024}
}

@article {citation:cw_horizon,
	author = {Flinders, Karl},
	title = {Post Office Horizon scandal explained: Everything you need to know},
	journal = {Computer Weekly},
	year = {2024},
	date = {03 Jan 2024},
	howpublished = {https://www.computerweekly.com/feature/Post-Office-Horizon-scandal-explained-everything-you-need-to-know},
	note = {Accessed: 30 January 2024}
}
@misc {citation:horizon_ccrc,
	title = {The CCRC and Post Office/Horizon cases},
	howpublished = {https://ccrc.gov.uk/news/the-ccrc-and-post-office-horizon-cases/},
	year = {2024},
	note = {Accessed: 30 January 2024}
}

@misc {citation:halucinations:website,
  title = {Website: What are AI hallucinations?},
  author = {IBM},
  howpublished = {URL \url{https://www.ibm.com/topics/ai-hallucinations}},
  note = {Accessed: 11 February 2024}
}

@misc {citation:howchatgptworks:website,
  title = {Website: How Chatbots and Large Language Models, or LLMs, Actually Work},
  author = {The New York Times},
  howpublished = {URL \url{https://www.nytimes.com/2023/03/28/technology/ai-chatbots-chatgpt-bing-bard-llm.html}},
  note = {Accessed: 14 April 2023}
}

@misc {citation:chatbotsterrible:website,
  title = {Website: Chatbots could one day replace search engines. Here's why that’s a terrible idea. | },
  author = {MIT Technology Review},
  howpublished = {URL \url{https://www.technologyreview.com/2022/03/29/1048439/chatbots-replace-search-engine-terrible-idea/}},
  note = {Accessed: 11 February 2024}
}

